@misc{wikibooks_cpp,
    author = "{Wikibooks contributors}",
    title = "C++ Programming",
    year = "2011",
    howpublished = "\url{https://en.wikibooks.org/wiki/C++_Programming}",
    note = "Accessed: 2025-10-25"
}